<record><leader>00000cas a22000007a 4500</leader><controlfield tag="001">13847986</controlfield><controlfield tag="008">860710d19231923pauwr ne      0    0eng d</controlfield><datafield ind1=" " ind2=" " tag="010"><subfield code="a">sn 86081686 </subfield></datafield><datafield ind1=" " ind2=" " tag="040"><subfield code="a">NPH</subfield><subfield code="b">eng</subfield><subfield code="c">NPH</subfield><subfield code="d">OCLCQ</subfield></datafield><datafield ind1=" " ind2=" " tag="042"><subfield code="a">msc</subfield></datafield><datafield ind1="0" ind2="4" tag="245"><subfield code="a">The Scottdale news.</subfield></datafield><datafield ind1=" " ind2=" " tag="260"><subfield code="a">Scottdale, Pa. :</subfield><subfield code="b">Art Print Shop,</subfield><subfield code="c">1923.</subfield></datafield><datafield ind1=" " ind2=" " tag="300"><subfield code="a">1 v. :</subfield><subfield code="b">ill. (chiefly advertisements)</subfield></datafield><datafield ind1=" " ind2=" " tag="310"><subfield code="a">Weekly</subfield></datafield><datafield ind1="0" ind2=" " tag="362"><subfield code="a">Vol. 1, no. 1 (Nov. 23, 1923)-v. 1, no. 4 (Dec. 14, 1923).</subfield></datafield><datafield ind1=" " ind2=" " tag="752"><subfield code="a">United States</subfield><subfield code="b">Pennsylvania</subfield><subfield code="c">Westmoreland</subfield><subfield code="d">Scottdale.</subfield></datafield><datafield ind1="0" ind2="7" tag="785"><subfield code="t">Scottdale observer</subfield></datafield><datafield ind1="0" ind2="7" tag="785"><subfield code="t">Scottdale news-observer</subfield><subfield code="w">(DLC)sn 86081681</subfield></datafield></record>